@article{purnamasari2015aspects,
  title   = {Aspects of Qurban Ritual in Pekanbaru},
  author  = {Purnamasari, Endah},
  journal = {AKADEMIKA: Jurnal Pemikiran Islam},
  volume  = {20},
  number  = {2},
  pages   = {337--358},
  year    = {2015}
}

@article{grochau2010implementation,
  title     = {Implementation of a quality management system in university test laboratories: a brief review and new proposals},
  author    = {Grochau, In{\^e}s Hexsel and Ferreira, Carlos Arthur and Ferreira, Jane Zoppas and ten Caten, Carla Schwengber},
  journal   = {Accreditation and Quality Assurance},
  volume    = {15},
  pages     = {681--689},
  year      = {2010},
  publisher = {Springer}
}

@article{stamatelos2009role,
  title     = {The role of engineering laboratories in the establishment of a quality culture in higher education in Greece},
  author    = {Stamatelos, GM and Stamatelos, AM},
  journal   = {European Journal of Engineering Education},
  volume    = {34},
  number    = {1},
  pages     = {1--13},
  year      = {2009},
  publisher = {Taylor \& Francis}
}

@book{wild2017best,
  title     = {Best practice in inventory management},
  author    = {Wild, Tony},
  year      = {2017},
  publisher = {Routledge}
}

@article{smith2021agile,
  title     = {The agile incident response for industrial control systems (AIR4ICS) framework},
  author    = {Smith, Richard and Janicke, Helge and He, Ying and Ferra, Fenia and Albakri, Adham},
  journal   = {Computers \& Security},
  volume    = {109},
  pages     = {102398},
  year      = {2021},
  publisher = {Elsevier}
}

@article{al2020agile,
  title   = {Agile software development: Methodologies and trends.},
  author  = {Al-Saqqa, Samar and Sawalha, Samer and AbdelNabi, Hiba},
  journal = {International Journal of Interactive Mobile Technologies},
  volume  = {14},
  number  = {11},
  year    = {2020}
}

@article{irawan2017implementasi,
  title   = {Implementasi Framework Codeignter Untuk Pengembangan Website Pada Dinas Perkebunan Provinsi Kalimantan Tengah},
  author  = {Irawan, Rio and others},
  journal = {Jurnal Saintekom: Sains, Teknologi, Komputer dan Manajemen},
  volume  = {7},
  number  = {1},
  pages   = {67--80},
  year    = {2017}
}

@article{mariadb2024,
  title     = {MariaDB: Sistem Manajemen Basis Data Relasional untuk Aplikasi Web},
  author    = {Pengembang MariaDB},
  journal   = {Jurnal Teknologi Informasi},
  year      = {2024},
  publisher = {MariaDB Foundation}
}

@article{abrantes2020governance,
  title     = {Governance of academic laboratories and the capabilisation of higher education students},
  author    = {Abrantes, Bruno F},
  journal   = {International Journal of Management in Education},
  volume    = {14},
  number    = {2},
  pages     = {135--158},
  year      = {2020},
  publisher = {Inderscience Publishers (IEL)}
}

@online{knuthwebsite,
  author   = {Donald Knuth},
  title    = {Knuth: Computers and Typesetting},
  url      = {http://www-cs-faculty.stanford.edu/~uno/abcde.html},
  addendum = {(accessed: 01.09.2016)}
}

@article{aprilinda2011analisis,
  title   = {Analisis E-Learning Berbasis ISO/IEC 9126-4 untuk Pengukuran Kualitas Penggunaan},
  author  = {Aprilinda, Yuthsi},
  journal = {Expert-Jurnal Maanjemen Sistem Informasi dan Teknologi},
  year    = {2011}
}

@article{alkodri2023pengaplikasian,
  title   = {Pengaplikasian Standar ISO 9126 dalam Rancang Bangun Sistem Informasi Inventori dan Pengawasan Laboratorium Berbasis Android},
  author  = {Alkodri, Ari Amir and Farid, Burham Isnanto and Rachmatsyah, Agus Dendi and Atmaja, Ferry Bakti},
  journal = {EXPERT: Jurnal Manajemen Sistem Informasi dan Teknologi},
  volume  = {13},
  number  = {1},
  pages   = {44},
  year    = {2023}
}

@article{dewi2017quality,
  title   = {A QUALITY ANALYSIS USING ISO 9126 IN THE INFORMATION SYSTEM OF “NEZAWA INFORMATION SYSTEM DATA COLLECTION (ISDC) AND CHAT” AS A MEANS OF INFORMATION OF REUNION AND COMMUNICATION AMONG ALUMNI OF SMK NEGERI 1 WANAREJA},
  author  = {Dewi, Ati Tasmiati and Jati, Handaru},
  journal = {E-JPTI (Jurnal Elektronik Pendidikan Teknik Informatika)},
  volume  = {6},
  number  = {3},
  pages   = {1--9},
  year    = {2017}
}

@article{kumalasari2024analisis,
  title   = {ANALISIS KUALITAS DAN PENERAPAN SOFTWARE QUALITY ASSURANCE MENGGUNAKAN MODEL ISO/IEC 9126 PADA WEBSITE OBJEK WISATA DI KABUPATEN GUNUNG MAS},
  author  = {Kumalasari, Septianna and Putri, Theresa Septiana Eka and Widiatry, Widiatry and Pranatawijaya, Viktor H},
  journal = {JATI (Jurnal Mahasiswa Teknik Informatika)},
  volume  = {8},
  number  = {4},
  pages   = {7630--7635},
  year    = {2024}
}

@inproceedings{mangalagowri2016eeg,
  title        = {EEG feature extraction and classification using feed forward backpropogation algorithm for emotion detection},
  author       = {Mangalagowri, SG and Raj, P Cyril Prasanna},
  booktitle    = {2016 International Conference on Electrical, Electronics, Communication, Computer and Optimization Techniques (ICEECCOT)},
  pages        = {183--187},
  year         = {2016},
  organization = {IEEE}
}

@book{satzinger2011systems,
  title     = {Systems analysis and design in a changing world},
  author    = {Satzinger, John W and Jackson, Robert B and Burd, Stephen D},
  year      = {2011},
  publisher = {Cengage learning}
}

@phdthesis{djasmasari2000isolasi,
  title  = {Isolasi dan karakterisasi bakteri perombak fenol dan ekosistem air hitam Kalimantan Tengan},
  author = {Djasmasari, W},
  year   = {2000},
  school = {Thesis. IPB}
}
@inproceedings{sari2017sistem,
  title     = {Sistem Pendukung Keputusan Berbasis Rule Untuk Pemilihan Model Hijab},
  author    = {Sari, Uci Indah and Permana, Inggih and Salisah, Febi Nur},
  booktitle = {Seminar Nasional Teknologi Informasi Komunikasi dan Industri},
  pages     = {138--143},
  year      = {2017}
}

@article{arfajsyah2018sistem,
  title   = {Sistem Pakar Berbasis Android Untuk Diagnosa Penyakit Gigi Dan Mulut},
  author  = {Arfajsyah, Hasbi Sidiq and Permana, Inggih and Salisah, Febi Nur},
  journal = {Jurnal Ilmiah Rekayasa dan Manajemen Sistem Informasi},
  volume  = {4},
  number  = {2},
  pages   = {110--117},
  year    = {2018}
}

ISI DAFTAR PUSTAKA ANDA

@article{tyowati2017implementasi,
  title   = {Implementasi Framework Codeignter Untuk Pengembangan Website Pada Dinas Perkebunan Provinsi Kalimantan Tengah},
  author  = {Tyowati, Sulis and Irawan, Rio},
  journal = {J. SAINTEKOM},
  volume  = {7},
  number  = {1},
  pages   = {67},
  year    = {2017}
}

@article{laila2011sistem,
  title   = {Sistem informasi pengolahan data inventory pada toko buku studi CV. Aneka Ilmu semarang},
  author  = {Laila, Nur and others},
  journal = {Jurnal Teknik Elektro},
  volume  = {3},
  number  = {1},
  pages   = {16},
  year    = {2011}
}

@article{audrilia2020perancangan,
  title   = {Perancangan sistem informasi manajemen bengkel berbasis web (Studi kasus: Bengkel Anugrah)},
  author  = {Audrilia, Meri and Budiman, Arief},
  journal = {Jurnal Madani: Ilmu Pengetahuan, Teknologi, Dan Humaniora},
  volume  = {3},
  number  = {1},
  pages   = {1--12},
  year    = {2020}
}

@article{henny2020sistem,
  title   = {Sistem Informasi Manajemen Kependudukan Desa (Simkades) Berbasis Web},
  author  = {Henny, Henny},
  journal = {Simtek: jurnal sistem informasi dan teknik komputer},
  volume  = {5},
  number  = {1},
  pages   = {45--51},
  year    = {2020}
}

@article{novendri2019aplikasi,
  title   = {Aplikasi Inventaris Barang Pada Mts Nurul Islam Dumai Menggunakan Php Dan Mysql},
  author  = {Novendri, Muhammad Saed and Saputra, Ade and Firman, Chandra Eri},
  journal = {lentera dumai},
  volume  = {10},
  number  = {2},
  year    = {2019}
}

@article{sweden2022rancang,
  title   = {Rancang Bangun Sistem Informasi Manajemen Layanan Laboratorium Berdasarkan Standar ISO 9126},
  author  = {Sweden, I Nengah and Pemayun, Anak Agung Gede Maharta and Wibawa, Kadek Suar and Prayoga, I Kadek Dwi Yatna and Putra, I Dewa Made Laksana and Frangginie, Ni Luh Gede Midya},
  journal = {TEMATIK},
  volume  = {9},
  number  = {2},
  pages   = {108--118},
  year    = {2022}
}

@article{priyanti2013sistem,
  title   = {Sistem Informasi Data Penduduk Pada Desa Bogoharjo Keccamatan Ngadirojo Kabupaten Pacitan},
  author  = {Priyanti, Dwi and Iriani, Siska},
  journal = {Indonesian Journal of Networking and Security (IJNS)},
  volume  = {2},
  number  = {4},
  year    = {2013}
}

@article{pakpahan2020sistem,
  title   = {Sistem Informasi Pengelolaan Dana Desa Pada Desa Hilizoliga Berbasis Web},
  author  = {Pakpahan, Sorang and Fa{\^a}, Aventinus and others},
  journal = {Jurnal Teknik Informatika UNIKA Santo Thomas},
  pages   = {109--117},
  year    = {2020}
}

@article{Cowls2021ADB,
  title   = {A definition, benchmark and database of AI for social good initiatives},
  author  = {Josh Cowls and Andreas Tsamados and Mariarosaria Taddeo and L. Floridi},
  journal = {Nature Machine Intelligence},
  year    = {2021},
  volume  = {3},
  pages   = {111 - 115},
  url     = {https://api.semanticscholar.org/CorpusID:233940459}
}

@article{Fadllullah2022PengembanganSI,
  title   = {Pengembangan Sistem Informasi Manajemen Kearsipan Surat Menyurat Berbasis Framework Codeigniter untuk KPH-KTT},
  author  = {Arif Fadllullah and Mulyadi Mulyadi and Rochaniati Rochaniati and Farhan Muhammad Nabil},
  journal = {JATISI (Jurnal Teknik Informatika dan Sistem Informasi)},
  year    = {2022},
  url     = {https://api.semanticscholar.org/CorpusID:249829228}
}

@article{iso2001iec,
  title   = {Iec 9126-1: Software engineering-product quality-part 1: Quality model},
  author  = {Iso, ISO},
  journal = {Geneva, Switzerland: International Organization for Standardization},
  volume  = {21},
  year    = {2001}
}

@article{dwiyantoro2020evaluasi,
  title   = {Evaluasi software aplikasi senayan library management system (slims) di lingkungan universitas lancang kuning pekanbaru menggunakan pendekatan iso 9126 usability},
  author  = {Dwiyantoro, Dwiyantoro},
  journal = {Al-Kuttab: Jurnal Kajian Perpustakaan, Informasi dan Kearsipan},
  volume  = {2},
  number  = {1},
  pages   = {21--31},
  year    = {2020}
}

@article{melathi2017penerapan,
  title   = {Penerapan Model Kualitas ISO/IEC 9126 Untuk Evaluasi Sistem Informasi Akademik Lembaga Bimbingan Belajar Berbasis Web},
  author  = {Melathi, Afinda Arum and Suharso, Wiwik},
  journal = {JUSTINDO (Jurnal Sistem dan Teknologi Informasi Indonesia)},
  volume  = {2},
  number  = {1},
  year    = {2017}
}

@article{rohman2022evaluasi,
  title   = {EVALUASI USABILITY BERDASARKAN ISO 9126-4 PADA SISTEM INFORMASI BADAN KEPEGAWAIAN DAERAH (BKD) KABUPATEN WONOSOBO},
  author  = {Rohman, Saifu and Sarisma, Julia and Sibyan, Hidayatus},
  journal = {Journal of Economic, Business and Engineering (JEBE)},
  volume  = {4},
  number  = {1},
  pages   = {123--128},
  year    = {2022}
}

@article{al2018evaluasi,
  title   = {Evaluasi kinerja sistem informasi akademik menggunakan IT balanced scorecard pada universitas Serambi Mekkah Banda Aceh},
  author  = {Al Agani, Muhammad and Munadi, Rizal and Subianto, Muhammad},
  journal = {Jurnal Informatika Upgris},
  volume  = {4},
  number  = {1},
  year    = {2018}
}

@article{terttiaavini2014analisa,
  title   = {Analisa Penerapan Sistem Informasi Perpustakaan Universitas Indo Global Mandiri},
  author  = {Terttiaavini, Terttiaavini},
  journal = {Jurnal Ilmiah Informatika Global},
  volume  = {5},
  number  = {1},
  year    = {2014}
}

@article{pawirosumarto2016pengaruh,
  title   = {Pengaruh kualitas sistem, kualitas informasi, dan kualitas layanan terhadap kepuasan pengguna sistem e-learning},
  author  = {Pawirosumarto, Suharno},
  journal = {Jurnal Ilmiah Manajemen},
  volume  = {6},
  number  = {3},
  pages   = {416--433},
  year    = {2016}
}

@article{fendya2018pengembangan,
  title   = {Pengembangan sistem kuesioner daring dengan metode weight product untuk mengetahui kepuasan pendidikan komputer pada lpk cyber computer},
  author  = {Fendya, Wimona Talitha and Wibawa, Setya Chendra},
  journal = {IT-Edu: Jurnal Information Technology and Education},
  volume  = {3},
  number  = {01},
  year    = {2018}
}

@article{amalia2022pengaruh,
  title     = {Pengaruh jumlah responden terhadap hasil uji validitas dan reliabilitas kuesioner pengetahuan dan perilaku swamedikasi},
  author    = {Amalia, Rezha Nur and Dianingati, Ragil Setia and others},
  journal   = {Generics: Journal of Research in Pharmacy},
  volume    = {2},
  number    = {1},
  pages     = {9--15},
  year      = {2022},
  publisher = {Diponegoro University}
}

@book{tilley2017systems,
  title     = {Systems analysis and design},
  author    = {Tilley, Scott and Rosenblatt, Harry J},
  year      = {2017},
  publisher = {Cengage Learning}
}

@article{amin2023konsep,
  title   = {Konsep umum populasi dan sampel dalam penelitian},
  author  = {Amin, Nur Fadilah and Garancang, Sabaruddin and Abunawas, Kamaluddin},
  journal = {Pilar},
  volume  = {14},
  number  = {1},
  pages   = {15--31},
  year    = {2023}
}

@article{rochmani2015evaluasi,
  title   = {Evaluasi Website Akademik Menggunakan ISO/IEC 9126},
  author  = {Rochmani, Martiana and Darwiyanto, Eko and Suwawi, Dawam Dwi Jatmiko},
  journal = {eProceedings of Engineering},
  volume  = {2},
  number  = {1},
  year    = {2015}
}

@article{budijanto2013populasi,
  title   = {Populasi, sampling, dan besar sampel},
  author  = {Budijanto, Didik},
  journal = {Kementerian Kesehatan RI},
  volume  = {18},
  year    = {2013}
}

@book{sarwono2017mengenal,
  title     = {Mengenal Prosedur-Prosedur Populer dalam SPSS 23},
  author    = {Sarwono, Jonathan},
  year      = {2017},
  publisher = {Elex Media Komputindo}
}

@article{hidayah2019membangun,
  title   = {Membangun Website SMA PGRI Gunung Raya Ranau Menggunakan PHP Dan MYSQL},
  author  = {Hidayah, Abdurrahman and Yani, Ahmad and others},
  journal = {JTIM: Jurnal Teknik Informatika Mahakarya},
  volume  = {2},
  number  = {2},
  pages   = {41--52},
  year    = {2019}
}

@inproceedings{Yanti2021SISTEMII,
  title  = {SISTEM INFORMASI INVENTARIS BARANG DI FAKULTAS TEKNIK DAN ILMU KOMPUTER},
  author = {Yanti Yanti and Muslim Hidayat},
  year   = {2021},
  url    = {https://api.semanticscholar.org/CorpusID:236409760}
}

@article{sallaby2020perancangan,
  title   = {Perancangan Sistem Informasi Jadwal Dokter Menggunakan Framework Codeigniter},
  author  = {Sallaby, Achmad Fikri and Kanedi, Indra},
  journal = {Jurnal Media Infotama},
  volume  = {16},
  number  = {1},
  year    = {2020}
}

@article{simanullang2021sistem,
  title   = {Sistem Informasi Pendaftaran Mahasiswa Baru Menggunakan Framework Codeigniter dan Application Programming Interface},
  author  = {Simanullang, Harlen Gilbert and Silalahi, Arina Prima and Manalu, Darwis Robinson},
  journal = {Ultima InfoSys: Jurnal Ilmu Sistem Informasi},
  volume  = {12},
  number  = {1},
  pages   = {67--73},
  year    = {2021}
}

@article{hamonangan2021perancangan,
  title   = {Perancangan Sistem Kepegawaian (Human Resource Management) Berbasis Web Menggunakan Framework Codeigniter di Rumah Sakit Advent Bandar Lampung},
  author  = {Hamonangan, Joseph},
  journal = {TeIKa},
  volume  = {11},
  number  = {2},
  pages   = {153--165},
  year    = {2021}
}

@article{huda2022implementasi,
  title     = {Implementasi Sistem Informasi Inventaris Barang pada PT. PLN (Persero) Palembang},
  author    = {Huda, Nurul and Rahayu, Amalia and others},
  journal   = {Implementasi Sistem Informasi Inventaris Barang pada PT. PLN (Persero) Palembang},
  year      = {2022},
  publisher = {Universitas Bina Darma}
}

@article{nugraha2014analisa,
  title   = {Analisa dan perancangan sistem informasi perpustakaan},
  author  = {Nugraha, Fajar},
  journal = {Simetris: Jurnal Teknik Mesin, Elektro dan Ilmu Komputer},
  volume  = {5},
  number  = {1},
  pages   = {27--32},
  year    = {2014}
}

@article{php2001php,
  title   = {PHP: Hypertext preprocessor},
  author  = {PHP Group and others},
  journal = {http://jp. php. net/},
  year    = {2001}
}

@article{kelvin2022sistem,
  title   = {Sistem Informasi Inventaris Berbasis Qr-Code Dengan Metode Rapid Application Development},
  author  = {Kelvin, Kelvin and Amalia, Rahayu},
  journal = {Journal of Information System Research (JOSH)},
  volume  = {4},
  number  = {1},
  pages   = {111--116},
  year    = {2022}
}

@article{janti2014analisis,
  title   = {Analisis validitas dan reliabilitas dengan skala likert terhadap pengembangan si/ti dalam penentuan pengambilan keputusan penerapan strategic planning pada industri garmen},
  author  = {Janti, Suhar},
  journal = {Prosiding Snast},
  pages   = {155--160},
  year    = {2014}
}

@article{anggraini2022pembelajaran,
  title     = {Pembelajaran statistika menggunakan software SPSS untuk uji validitas dan reliabilitas},
  author    = {Anggraini, Fitria Dewi Puspita and Aprianti, Aprianti and Setyawati, Vilda Ana Veria and Hartanto, Agnes Angelia},
  journal   = {Jurnal Basicedu},
  volume    = {6},
  number    = {4},
  pages     = {6491--6504},
  year      = {2022},
  publisher = {Universitas Pahlawan Tuanku Tambusai}
}

@online{lab-si-website,
  title  = {Laboratorium Sistem Informasi UIN Suska Riau},
  author = {{Ahsyar}},
  year   = {2023},
  url    = {https://lab-si.uin-suska.ac.id},
  note   = {Akses Tanggal: 14 Oktober 2023}
}

@online{sitaris-lab-si-website,
  title  = {SITARIS Laboratorium Sistem Informasi UIN Suska Riau},
  author = {{SITARIS}},
  year   = {2023},
  url    = {https://sitaris.lab-si.uin-suska.ac.id},
  note   = {Akses Tanggal: 08 Oktober 2023}
}

@article{firdaus2020rancang,
  title   = {Rancang Bangun Sistem Informasi Arsip Berbasis Web Menggunakan Framework Codeigniter},
  author  = {Firdaus, Novemli and Irfan, Dedy},
  journal = {Voteteknika (Vocational Teknik Elektronika Dan Informatika)},
  volume  = {8},
  number  = {1},
  pages   = {44--52},
  year    = {2020}
}

@article{rahman2018perancangan,
  title   = {Perancangan E-Learning Berbasis Web Menggunakan Framework Codeigniter},
  author  = {Rahman, Fathur and Ratna, Silvia},
  journal = {Technologia: Jurnal Ilmiah},
  volume  = {9},
  number  = {2},
  pages   = {95--100},
  year    = {2018}
}